@BOOK{Gourdon2009,
  title     = "Alg{\`e}bre: Math{\'e}matiques pour {MP}",
  author    = "Gourdon, Xavier",
  publisher = "Ellipses-Marketing",
  month     =  jan,
  year      =  2009,
  address   = "Paris, France",
  language  = "fr"
}
